

# background related
@article{zhou2020graph,
  title={Graph neural networks: A review of methods and applications},
  author={Zhou, Jie and Cui, Ganqu and Hu, Shengding and Zhang, Zhengyan and Yang, Cheng and Liu, Zhiyuan and Wang, Lifeng and Li, Changcheng and Sun, Maosong},
  journal={AI open},
  volume={1},
  pages={57--81},
  year={2020},
  publisher={Elsevier}
}

# graph for video generation
@inproceedings{tang2020unbiased,
  title={Unbiased scene graph generation from biased training},
  author={Tang, Kaihua and Niu, Yulei and Huang, Jianqiang and Shi, Jiaxin and Zhang, Hanwang},
  booktitle={Proceedings of the IEEE/CVF conference on computer vision and pattern recognition},
  pages={3716--3725},
  year={2020}
}

@misc{wu2019detectron2,
  author =       {Yuxin Wu and Alexander Kirillov and Francisco Massa and
                  Wan-Yen Lo and Ross Girshick},
  title =        {Detectron2},
  howpublished = {\url{https://github.com/facebookresearch/detectron2}},
  year =         {2019}
}
@inproceedings{xu2017scene,
  title={Scene graph generation by iterative message passing},
  author={Xu, Danfei and Zhu, Yuke and Choy, Christopher B and Fei-Fei, Li},
  booktitle={Proceedings of the IEEE conference on computer vision and pattern recognition},
  pages={5410--5419},
  year={2017}
}

@inproceedings{wang2018videos,
  title={Videos as space-time region graphs},
  author={Wang, Xiaolong and Gupta, Abhinav},
  booktitle={Proceedings of the European conference on computer vision (ECCV)},
  pages={399--417},
  year={2018}
}

# theoritical foundation for dynamic network

# models
@article{poursafaei2022towards,
  title={Towards better evaluation for dynamic link prediction},
  author={Poursafaei, Farimah and Huang, Shenyang and Pelrine, Kellin and Rabbany, Reihaneh},
  journal={Advances in Neural Information Processing Systems},
  volume={35},
  pages={32928--32941},
  year={2022}
}
    # CAWN
@article{wang2021inductive,
  title={Inductive representation learning in temporal networks via causal anonymous walks},
  author={Wang, Yanbang and Chang, Yen-Yu and Liu, Yunyu and Leskovec, Jure and Li, Pan},
  journal={arXiv preprint arXiv:2101.05974},
  year={2021}
}

    # TGN
@article{rossi2006temporal,
  title={Temporal graph networks for deep learning on dynamic graphs. arXiv 2020},
  author={Rossi, Emanuele and Chamberlain, Ben and Frasca, Fabrizio and Eynard, Davide and Monti, Federico and Bronstein, Michael},
  journal={arXiv preprint arXiv:2006.10637},
  year={2020}
}

    # TGAT
@article{xu2020inductive,
  title={Inductive representation learning on temporal graphs},
  author={Xu, Da and Ruan, Chuanwei and Korpeoglu, Evren and Kumar, Sushant and Achan, Kannan},
  journal={arXiv preprint arXiv:2002.07962},
  year={2020}
}

    # DyRep
@article{trivedi2018representation,
  title={Representation learning over dynamic graphs},
  author={Trivedi, Rakshit and Farajtabar, Mehrdad and Biswal, Prasenjeet and Zha, Hongyuan},
  journal={arXiv preprint arXiv:1803.04051},
  year={2018}
}

    # JODIE
@inproceedings{kumar2019predicting,
  title={Predicting dynamic embedding trajectory in temporal interaction networks},
  author={Kumar, Srijan and Zhang, Xikun and Leskovec, Jure},
  booktitle={Proceedings of the 25th ACM SIGKDD international conference on knowledge discovery \& data mining},
  pages={1269--1278},
  year={2019}
}